<?xml version='1.0' encoding='UTF-8'?>
<record xmlns="http://www.loc.gov/MARC21/slim">
  <leader>00978cam a2200265   4500</leader>
  <controlfield tag="001">2826645</controlfield>
  <controlfield tag="003">NjP</controlfield>
  <controlfield tag="005">20171018173605.0</controlfield>
  <controlfield tag="008">910225s1970    iq a          000 0 arar </controlfield>
  <datafield tag="024" ind1="7" ind2=" ">
    <subfield code="a">princeton_aco002573</subfield>
    <subfield code="2">local</subfield>
  </datafield>
  <datafield ind1=" " ind2=" " tag="010">
    <subfield code="a">   78288048 /NE </subfield>
  </datafield>
  <datafield ind1=" " ind2=" " tag="035">
    <subfield code="a">(OCoLC)ocm23154186</subfield>
  </datafield>
  <datafield ind1=" " ind2=" " tag="035">
    <subfield code="9">CNQ7141TS</subfield>
  </datafield>
  <datafield ind1=" " ind2=" " tag="040">
    <subfield code="a">DLC</subfield>
    <subfield code="c">WAU</subfield>
    <subfield code="d">WAU</subfield>
    <subfield code="d">PUL</subfield>
  </datafield>
  <datafield ind1="0" ind2=" " tag="050">
    <subfield code="a">RA1051</subfield>
    <subfield code="b">.Q38</subfield>
  </datafield>
  <datafield ind1=" " ind2=" " tag="096">
    <subfield code="a">W 32.6 Q12f 1970</subfield>
  </datafield>
  <datafield ind1="1" ind2=" " tag="100">
    <subfield code="a">Qaysī, Aḥmad ʻIzzat.</subfield>
  </datafield>
  <datafield ind1="1" ind2="0" tag="245">
    <subfield code="a">Fī al-ṭibb al-ʻadlī,</subfield>
    <subfield code="c">taʾlīf Aḥmad ʻIzzat al-Qaysī.</subfield>
  </datafield>
  <datafield ind1=" " ind2=" " tag="260">
    <subfield code="a">[Baghdād,</subfield>
    <subfield code="b">al-Muʾassasah al-ʻĀmmah lil-Ṣiḥāfah wa-al-Ṭibāʻah,</subfield>
    <subfield code="c">1970]</subfield>
  </datafield>
  <datafield ind1=" " ind2=" " tag="300">
    <subfield code="a">472 p.</subfield>
    <subfield code="b">illus.</subfield>
    <subfield code="c">24 cm.</subfield>
  </datafield>
  <datafield ind1=" " ind2=" " tag="500">
    <subfield code="a">At head of title: al-Kitāb al-awwal.</subfield>
  </datafield>
  <datafield ind1=" " ind2=" " tag="500">
    <subfield code="a">English-Arabic glossary of technical terms: p. 427-439.</subfield>
  </datafield>
  <datafield ind1=" " ind2="0" tag="650">
    <subfield code="a">Medical jurisprudence.</subfield>
    <subfield code="0">http://id.loc.gov/authorities/subjects/sh85082955</subfield>
  </datafield>
  <datafield ind1="0" ind2=" " tag="740">
    <subfield code="a">Ṭibb al-ʻadlī.</subfield>
  </datafield>
  <datafield ind1=" " ind2=" " tag="945">
    <subfield code="a">F</subfield>
    <subfield code="b">1</subfield>
    <subfield code="c">2272.8386.352</subfield>
  </datafield>
  <datafield ind1=" " ind2=" " tag="911">
    <subfield code="a">20000220</subfield>
  </datafield>
  <datafield ind1="0" ind2="0" tag="852">
    <subfield code="0">3138904</subfield>
    <subfield code="b">nec</subfield>
    <subfield code="t">1</subfield>
    <subfield code="h">RA1051</subfield>
    <subfield code="i">.Q38 1970</subfield>
  </datafield>
  <datafield ind1=" " ind2=" " tag="959">
    <subfield code="a">2009-07-01 13:17:18 -0500</subfield>
  </datafield>
</record>
